@online{0,
	author = {Davide Castelvecchi
	},
	title = {Astronomers explore uses for AI-generated images},
	note = {zuletzt abgerufen am 03.02.2021},
	year = {01 February 2017},
	url = {https://www.nature.com/news/astronomers-explore-uses-for-ai-generated-images-1.21398},
}

@online{1,
	author = {DeepMind},
	title = {DeepMind x UCL | Deep Learning Lectures | 9/12 | Generative Adversarial Networks},
	year = {22.06.2020},
	url = {https://www.youtube.com/watch?v=wFsI2WqUfdA&t=55s},
}

@article{2,
	author = {Daniel Lingenhöhl},
	title = {Künstliche Intelligenz},
	subtitle = {Der Weg in die Anwendung},
	journaltitle = {Spektrum der Wissenschaft Kompatk},
	year = {07.10.2019},
}

@article{3,
	author = {Eva Wolfangel},
	title = {Die Grenzen der Künstlichen Intelligenz},
	journaltitle = {Spektrum der Wissenschaft Kompakt},
	subtitle = {Künstliche Intelligenz},
	year = {07.10.2019},
}

@book{4,
	author = {Ian J. Goodfellow et. al.},
	title = {Generative Adversarial Nets},
	year = {10.06.2014},
}

@book{5,
	author = {Jakub Langr und Vladimir Bok},
	title = {GANs IN ACTION},
	year = {2019},
	publisher = {New York, USA: Manning Publications Co.},
	isbn = {9781617295560},
}

@book{6,
	author = {Kailash Ahirwar},
	title = {Generative Adversarial Networks Projects},
	year = {January 2019},
	subtitle = {Build next-generation generative models using TensorFlow and Keras},
	publisher = {Birmingham, UK: Packt Publishing Ltd.},
	isbn = {978-1-78913-667-8},
}

@book{7,
	author = {Rafael Valle},
	title = {Hands-On Generative Adversarial Networks with Keras},
	year = {May 2019},
	subtitle = {Your guide to implementing next-generation generative adversarial networks},
	publisher = {Birmingham, UK: Packt Publishing Ltd.},
	isbn = {978-1-78953-820-5},
}

@book{8,
	author = {John Hany and Greg Walters},
	title = {Hands-On Generative Adversarial Networks with PyTorch 1.x},
	year = {December 2019},
	subtitle = {Implement next-generation neural networks to build powerful GAN models using Python},
	publisher = {Birmingham, UK: Packt Publishing Ltd.},
	isbn = {978-1-78953-051-3},
}

@book{9,
	author = {Mihaela Rosca, Jeff Donahue},
	title = {Generative adversarial networks},
	year = {22.06.2020},
	publisher = {UCL x DeepMind},
}

@online{10,
	author = {Keras documentation},
	title = {Probabilistic losses},
	note = {zuletzt Aufgerufen am 06.01.2021},
	url = {https://keras.io/api/losses/probabilistic_losses/#binarycrossentropy-class},
}

@online{11,
	author = {Aurelien Geron},
	title = {A Short Introduction to Entropy, Cross-Entropy and KL-Divergence},
	note = {zuletzt abgerufen am 06.01.2021},
	year = {05.02.2018},
	url = {https://www.youtube.com/watch?v=ErfnhcEV1O8&t=230s},
}

@book{12,
	author = {Matthieu Deru und Alassane Ndiaye},
	title = {Deep Learning},
	year = {2020},
	subtitle = {mit TensorFlow, Keras und TensorFlow.js},
	note = {2. Auflage},
	publisher = {Bonn, Deutschland: Rheinwerk Verlag},
	isbn = {978-3-8362-7425-8},
}

@book{13,
	author = {Joachim Steinwender und Roland Schwaiger},
	title = {Neuronale Netze programmieren},
	year = {2020},
	subtitle = {mit Python},
	note = {2. Auflage},
	publisher = {Bonn, Deutschland: Rheinwerk Verlag},
	isbn = {978-3-8362-7450-0},
}

@book{14,
	author = {Paul Wilmott},
	title = {Grundkurs Machine Learning},
	year = {2020},
	subtitle = {mit Python},
	note = {1. Auflage},
	publisher = {Bonn, Deutschland: Rheinwerk Verlag},
	isbn = {978-3-8362-7598-9},
}

@online{15,
	author = {Dipl.-Ing. (FH) Stefan Luber},
	title = {Was ist ein Perzeptron?},
	note = {zuletzt abgerufen am 08.01.2021},
	year = {14.02.2019},
	url = {https://www.bigdata-insider.de/was-ist-ein-perzeptron-a-798367/},
}

@online{16,
	author = {freeCodeCamp.org},
	title = {TensorFlow 2.0 Complete Course - Python Neural Networks for Beginners Tutorial},
	note = {zuletzt abgerufen am 08.01.2021},
	year = {03.03.2020},
	url = {https://www.youtube.com/watch?v=tPYj3fFJGjk&t=17115s},
}

@online{17,
	author = {Julian Moeser},
	title = {KÜNSTLICHE NEURONALE NETZE - AUFBAU UND FUNKTIONSWEISE},
	note = {zuletzt abgerufen am 12.01.2021},
	year = {27.09.2018},
	url = {https://jaai.de/kuenstliche-neuronale-netze-aufbau-funktion-291/},
}

@online{18,
	author = {Himanshu S},
	title = {Activation Functions: Sigmoid, ReLU, Leaky ReLU and Softmax basics for Neural Networks and Deep Learning},
	note = {zuletzt abgerufen am 14.01.2021},
	year = {19. Jan. 2019},
	url = {https://medium.com/@himanshuxd/activation-functions-sigmoid-relu-leaky-relu-and-softmax-basics-for-neural-networks-and-deep-8d9c70eed91e},
}

@online{19,
	author = {Stacey Ronaghan},
	title = {Deep Learning: Which Loss and Activation Functions should I use?},
	note = {zuletzt abgerufen am 15.01.2021},
	year = {26. Jul. 2018},
	url = {https://towardsdatascience.com/deep-learning-which-loss-and-activation-functions-should-i-use-ac02f1c56aa8},
}

@online{20,
	author = {Benjamin Aunkofer},
	title = {Deep Learning},
	note = {zuletzt abgerufen am 23.01.2021},
	year = {January 29, 2019},
	url = {https://data-science-blog.com/blog/2019/01/29/fehler-ruckfuhrung-mit-der-backpropagation/},
}

@online{21,
	author = {Sebastian Ruder},
	title = {An overview of gradient descent optimization algorithms},
	note = {zuletzt abgerufen am 23.01.2021},
	year = {19. Jan. 2016},
	url = {https://ruder.io/optimizing-gradient-descent/},
}

@online{22,
	author = {Daniel Godoy},
	title = {Understanding binary cross-entropy / log loss: a visual explanation},
	note = {zuletzt abgerufen am 25.01.2021},
	year = {Nov 21, 2018},
	url = {https://towardsdatascience.com/understanding-binary-cross-entropy-log-loss-a-visual-explanation-a3ac6025181a},
}

@online{23,
	author = {Peltarion},
	title = {Categorical crossentropy},
	note = {zuletzt abgerufen am 25.01.2021},
	year = {2020},
	url = {https://peltarion.com/knowledge-center/documentation/modeling-view/build-an-ai-model/loss-functions/categorical-crossentropy},
}

@online{24,
	author = {Marcel Mikl},
	title = {Wie trainiert man eigentlich neuronale Netze?},
	note = {zuletzt abgerufen am 26.01.2021},
	year = {28.08.2018},
	url = {https://blog.codecentric.de/2018/08/wie-trainiert-man-eigentlich-neuronale-netze/},
}

@online{25,
	author = {Jason Brownlee},
	title = {How to Control the Stability of Training Neural Networks With the Batch Size},
	note = {zuletzt abgerufen am 27.01.2021},
	year = {January 21, 2019},
	url = {https://machinelearningmastery.com/how-to-control-the-speed-and-stability-of-training-neural-networks-with-gradient-descent-batch-size/},
}

@online{26,
	author = {Jason Brownlee},
	title = {A Gentle Introduction to Mini-Batch Gradient Descent and How to Configure Batch Size},
	note = {zuletzt abgerufen am 27.01.2021},
	year = {July 21, 2017},
	url = {https://machinelearningmastery.com/gentle-introduction-mini-batch-gradient-descent-configure-batch-size/},
}

@online{27,
	author = {Jefkine},
	title = {Backpropagation In Convolutional Neural Networks},
	note = {zuletzt abgerufen am 27.01.2021},
	year = {5 September 2016},
	url = {https://www.jefkine.com/general/2016/09/05/backpropagation-in-convolutional-neural-networks/},
}

@online{28,
	author = {Sumit Saha},
	title = {A Comprehensive Guide to Convolutional Neural Networks — the ELI5 way},
	note = {zuletzt abgerufen am 27.01.2021},
	year = {Dec 15, 2018},
	url = {https://towardsdatascience.com/a-comprehensive-guide-to-convolutional-neural-networks-the-eli5-way-3bd2b1164a53},
}

@online{29,
	author = {Stefan Luber und Nico Litzel},
	title = {Was ist ein Convolutional Neural Network?},
	note = {zuletzt abgerufen am 27.01.2021},
	year = {25.02.2019},
	url = {https://www.bigdata-insider.de/was-ist-ein-convolutional-neural-network-a-801246/},
}

@online{30,
	author = {Google Developers},
	title = {Background: What is a Generative Model?},
	note = {zuletzt abgerufen am 01.02.2021},
	year = {2019-05-24},
	url = {https://developers.google.com/machine-learning/gan/generative},
}

@online{31,
	author = {Will Badr},
	title = {Auto-Encoder: What Is It? And What Is It Used For? (Part 1)},
	note = {zuletzt abgerufen am 02.02.2021},
	year = {Apr 22, 2019},
	url = {https://towardsdatascience.com/auto-encoder-what-is-it-and-what-is-it-used-for-part-1-3e5c6f017726},
}

@online{32,
	author = {Hoang Tu Nguyen},
	title = {Einführung in die Welt der Autoencoder},
	note = {zuletzt abgerufen am 02.02.2021},
	year = {April 1, 2020},
	url = {https://data-science-blog.com/blog/2020/04/01/einfuhrung-in-die-welt-der-autoencoder/},
}

@online{33,
	author = {Ekin Tiu},
	title = {Understanding Latent Space in Machine Learning},
	note = {zuletzt abgerufen am 02.02.2021},
	year = {Feb 4, 2020},
	url = {https://data-science-blog.com/blog/2020/04/01/einfuhrung-in-die-welt-der-autoencoder/},
}

@online{34,
	author = {Jason Brownlee},
	title = {How to Explore the GAN Latent Space When Generating Faces},
	note = {zuletzt abgerufen am 02.02.2021},
	year = {July 3, 2019},
	url = {https://machinelearningmastery.com/how-to-interpolate-and-perform-vector-arithmetic-with-faces-using-a-generative-adversarial-network/},
}